@article{alasfi,
author = {Muna Al-Asfi and Dennis McNevin and Bhavik Mehta and Daniel Power and Michelle Elizabeth Gahan and Runa Daniel},
journal = {{International Journal of Legal Medicine}},
title = {Assessment of the {Precision ID Ancestry panel}},
year = {2018},
month = {mar},
volume = {132},
number = {6},
pages = {1581--1594},
publisher = {Springer},
issn = {0937-9827},
doi = {https://doi.org/10.1007/s00414-018-1785-9}
}

@article{albert,
author = {Adelin Albert and John Anthony Anderson},
journal = {Biometrika},
title = {On the existence of maximum likelihood estimates in logistic regression models},
year = {1984},
volume = {71},
number = {1},
pages = {1--10},
publisher = {{Oxford University Press}},
issn = {0006-3444},
url = {https://www.jstor.org/stable/2336390},
doi = {https://doi.org/10.1093/biomet/71.1.1}
}

@article{bartlett,
author = {Maurice Stevenson Bartlett},
journal = {Biometrics},
title = {The Use of Transformations},
year = {1947},
month = {mar},
volume = {3},
pages = {39--52},
publisher = {{International Biometric Society}},
issn = {0006-341X},
url = {https://www.jstor.org/stable/3001536},
doi = {https://doi.org/10.2307/3001536}
}

@article{efron,
author = {Bradley Efron},
journal = {{The Annals of Statistics}},
title = {Bootstrap Methods: Another Look at the Jackknife},
year = {1979},
month = {jan},
volume = {7},
number = {1},
pages = {1--26},
publisher = {{Institute of Mathematical Statistics}},
issn = {0090-5364},
url = {https://www.jstor.org/stable/2958830},
doi = {https://doi.org/10.1214/aos/1176344552}
}

@article{mostad,
author = {Petter Mostad and Andreas Tillmar and Daniel Kling},
journal = {BMC bioinformatics},
title = {Improved computations for relationship inference using low-coverage sequencing data},
year = {2023},
month = {mar},
volume = {24},
number = {1},
publisher = {BMC Bioinformatics},
issn = {1471-2105},
doi = {https://doi.org/10.1186/s12859-023-05217-z}
}

@article{lesaffre,
author = {Emmanuel Lesaffre and Adelin Albert},
journal = {{Journal of the Royal Statistical Society: Series B (Methodological)}},
title = {Partial Separation in Logistic Discrimination},
year = {1989},
month = {sep},
volume = {51},
number = {1},
pages = {109--116},
publisher = {{Oxford University Press}},
issn = {0035-9246},
url = {https://www.jstor.org/stable/2345845},
doi = {https://doi.org/10.1111/j.2517-6161.1989.tb01752.x}
}

@article{pereira,
author = {Vania Pereira and Helle Smidt Mogensen and Claus Børsting and Niels Morling},
journal = {{Forensic Science International: Genetics}},
title = {Evaluation of the {Precision ID Ancestry Panel} for crime case work: A {SNP} typing assay developed for typing of 165 ancestral informative markers},
year = {2017},
month = {may},
volume = {28},
pages = {138--145},
publisher = {Elsevier},
issn = {1872-4973},
doi = {https://doi.org/10.1016/j.fsigen.2017.02.013}
}

@article{picard,
author = {Richard R. Picard and Ralph Dennis Cook},
journal = {{Journal of the American Statistical Association}},
title = {Cross-Validation of Regression Models},
year = {1984},
month = {sep},
volume = {79},
number = {387},
pages = {575--583},
publisher = {{Taylor \& Francis}},
issn = {0162-1459},
url = {https://www.jstor.org/stable/2288403},
doi = {https://doi.org/10.1080/01621459.1984.10478083}
}

@article{shmueli,
author = {Galit Shmueli},
journal = {Statistical science},
title = {To Explain or to Predict?},
year = {2010},
month = {aug},
volume = {25},
number = {3},
pages = {289--310},
publisher = {Institute of Mathematical Statistics},
issn = {0883-4237},
doi = {https://doi.org/10.1214/10-STS330}
}

@article{stone,
author = {Mervyn Stone},
journal = {{Journal of the Royal Statistical Society: Series B (Methodological)}},
title = {Cross-Validatory Choice and Assessment of Statistical Predictions},
year = {1974},
month = {jan},
volume = {36},
number = {2},
pages = {111--147},
publisher = {{Oxford University Press}},
address = {London},
issn = {0035-9246},
url = {https://www.jstor.org/stable/2984809},
doi = {https://doi.org/10.1111/j.2517-6161.1974.tb00994.x}
}

@article{tvede17,
author = {Torben Tvedebrink and Poul Svante Eriksen and Helle Smidt Mogensen and Niels Morling},
journal = {{Forensic Science International: Genetics Supplement Series}},
title = {{GenoGeographer} --- A tool for genogeographic inference},
year = {2017},
month = {dec},
volume = {6},
pages = {463--465},
publisher = {Elsevier},
issn = {1875-1768},
doi = {https://doi.org/10.1016/j.fsigss.2017.09.196}
}

@article{tvede18,
author = {Torben Tvedebrink and Poul Svante Eriksen and Helle Smidt Mogensen and Niels Morling},
journal = {{Theoretical Population Biology}},
title = {Weight of the evidence of genetic investigations of ancestry informative markers},
year = {2018},
month = {mar},
volume = {120},
pages = {1--10},
publisher = {Elsevier},
issn = {0040-5809},
doi = {https://doi.org/10.1016/j.tpb.2017.12.004}
}

@article{future1,
author = {Henrik Bengtsson},
journal = {{The R Journal}},
title = {A Unifying Framework for Parallel and Distributed Processing in {R} using Futures},
year = {2021},
volume = {13},
number = {2},
pages = {208--227},
doi = {10.32614/RJ-2021-048}
}

@article{tidyverse1,
author = {Hadley Wickham and Mara Averick and Jennifer Bryan and Winston Chang and Lucy D'Agostino McGowan and Romain François and Garrett Grolemund and Alex Hayes and Lionel Henry and Jim Hester and Max Kuhn and Thomas Lin Pedersen and Evan Miller and Stephan Milton Bache and Kirill Müller and Jeroen Ooms and David Robinson and Dana Paige Seidel and Vitalie Spinu and Kohske Takahashi and Davis Vaughan and Claus Wilke and Kara Woo and Hiroaki Yutani},
journal = {{Journal of Open Source Software}},
title = {Welcome to the {tidyverse}},
year = {2019},
volume = {4},
number = {43},
doi = {10.21105/joss.01686}
}

@book{agresti,
author = {Alan Agresti},
title = {Categorical Data Analysis},
year = {2013},
edition = {3rd ed.},
volume = {792},
publisher = {Wiley},
series = {{Wiley Series in Probability and Statistics}},
address = {Somerset},
isbn = {978-0470463635}
}

@book{butler,
author = {John M. Butler},
title = {Advanced Topics in Forensic DNA Typing: Methodology},
year = {2012},
edition = {3},
publisher = {Academic Press},
isbn = {9780123745132},
doi = {https://doi.org/10.1016/C2011-0-04189-3}
}

@book{ggplot,
author = {Hadley Wickham},
title = {ggplot2: Elegant Graphics for Data Analysis},
publisher = {Springer-Verlag New York},
year = {2016},
isbn = {978-3-319-24277-4},
url = {https://ggplot2.tidyverse.org}
}

@manual{hid,
author       = {{Thermo Fisher Scientific}},
organization = {{Life Technologies Corporation}},
title        = {{HID SNP} Genotyper Plugin User Guide},
year         = {2017},
edition      = {v5.2.2},
note         = {Publication Number: {MAN0010641}, Revision: {D.0}},
address      = {Carlsbad, CA, USA},
url          = {https://assets.thermofisher.com/TFS-Assets/LSG/manuals/MAN0010641_HIDSNP_Genotyper_Plugin.pdf}
}

@manual{r,
author = {{R Core Team}},
organization = {{R Foundation for Statistical Computing}},
title = {R: A Language and Environment for Statistical Computing},
year = {2024},
note = {v4.4.2},
address = {Vienna, Austria},
url = {https://www.R-project.org}
}

@manual{future2,
title = {{future}: Unified Parallel and Distributed Processing in {R} for Everyone},
author = {Henrik Bengtsson},
year = {2023},
note = {R package v1.33.1},
url = {https://cran.r-project.org/package=future}
}

@manual{futureapply,
title = {{future.apply}: Apply Function to Elements in Parallel using Futures},
author = {Henrik Bengtsson},
year = {2023},
note = {R package v1.11.1},
url = {https://cran.r-project.org/package=future.apply}
}

@manual{genogeographer,
author = {Torben Tvedebrink},
title = {{genogeographer}: Methods for Analysing Forensic Ancestry Informative Markers},
year = {2019},
url = {https://cran.r-project.org/package=genogeographer}
}

@manual{ggnewscale,
title = {{ggnewscale}: Multiple Fill and Colour Scales in 'ggplot2'},
author = {Elio Campitelli},
year = {2024},
note = {R package v0.5.0},
url = {https://CRAN.R-project.org/package=ggnewscale}
}

@manual{latex2exp,
title = {{latex2exp}: Use {LaTeX} Expressions in Plots},
author = {Stefano Meschiari},
year = {2022},
note = {R package v0.9.6},
url = {https://CRAN.R-project.org/package=latex2exp}
}

@manual{patchwork,
author = {Thomas Lin Pedersen},
title = {{patchwork}: The Composer of Plots},
year = {2024},
note = {R package v1.3.0},
url = {https://CRAN.R-project.org/package=patchwork}
}

@manual{tidyverse2,
title = {{tidyverse}: Easily Install and Load the 'Tidyverse'},
author = {Hadley Wickham},
year = {2023},
note = {R package v2.0.0},
url = {https://cran.r-project.org/package=tidyverse}
}

@manual{xtable,
title = {{xtable}: Export Tables to {LaTeX} or {HTML}},
author = {David B. Dahl and David Scott and Charles Roosen and Arni Magnusson and Jonathan Swinton},
year = {2019},
note = {R package v1.8-4},
url = {https://CRAN.R-project.org/package=xtable}
}

@misc{imagemagick,
author = {{ImageMagick Studio LLC}},
title = {{ImageMagick}},
note = {v6.9.12.98},
url = {https://imagemagick.org}
}

@misc{scripts,
author = {Malte Bødkergaard Nielsen},
title = {{SMLR}-Genotyping},
year = {2025},
publisher = {{GitHub/Zenodo}},
howpublished = {Published on {GitHub} and preserved on {Zenodo}},
url = {https://github.com/maltebn/SMLR-Genotyping.git},
doi = {10.5281/zenodo.14176720}
}

@techreport{swgdam,
author = {{Scientific Working Group on DNA Analysis Methods (SWGDAM)}},
title = {{SWGDAM Interpretation Guidelines for Single Nucleotide Polymorphism (SNP) Analysis by Forensic DNA Testing Laboratories}},
institution = {SWGDAM},
year = {2024},
month = {jan},
type = {Guidelines},
url = {https://www.swgdam.org/publications}
}
